@article{blei2003latent,
  title={Latent dirichlet allocation},
  author={Blei, David M and Ng, Andrew Y and Jordan, Michael I},
  journal={Journal of machine Learning research},
  volume={3},
  number={Jan},
  pages={993--1022},
  year={2003}
}

@article{grootendorst2022bertopic,
  title={BERTopic: Neural topic modeling with a class-based TF-IDF procedure},
  author={Grootendorst, Maarten},
  journal={arXiv preprint arXiv:2203.05794},
  year={2022}
}

@article{angelov2020top2vec,
  title={Top2vec: Distributed representations of topics},
  author={Angelov, Dimo},
  journal={arXiv preprint arXiv:2008.09470},
  year={2020}
}

@inproceedings{campello2013density,
  title={Density-based clustering based on hierarchical density estimates},
  author={Campello, Ricardo JGB and Moulavi, Davoud and Sander, Joerg},
  booktitle={Pacific-Asia conference on knowledge discovery and data mining},
  pages={160--172},
  year={2013},
  organization={Springer}
}

@inproceedings{roder2015exploring,
  title={Exploring the space of topic coherence measures},
  author={R{\"o}der, Michael and Both, Andreas and Hinneburg, Alexander},
  booktitle={Proceedings of the eighth ACM international conference on Web search and data mining},
  pages={399--408},
  year={2015}
}

@inproceedings{reimers2019sentence,
  title={Sentence-BERT: Sentence embeddings using Siamese BERT-networks},
  author={Reimers, Nils and Gurevych, Iryna},
  booktitle={Proceedings of the 2019 Conference on Empirical Methods in Natural Language Processing},
  pages={3982--3992},
  year={2019}
}

@article{hoffman2010online,
  title={Online learning for latent dirichlet allocation},
  author={Hoffman, Matthew and Bach, Francis R and Blei, David M},
  journal={advances in neural information processing systems},
  volume={23},
  year={2010}
}

@inproceedings{vayansky2020review,
  title={A review of topic modeling methods},
  author={Vayansky, Ike and Kumar, Sathish AP},
  booktitle={Information Systems},
  volume={94},
  pages={101582},
  year={2020},
  organization={Elsevier}
}

@inproceedings{newman2010automatic,
  title={Automatic evaluation of topic coherence},
  author={Newman, David and Lau, Jey Han and Grieser, Karl and Baldwin, Timothy},
  booktitle={Human language technologies: The 2010 annual conference of the North American chapter of the association for computational linguistics},
  pages={100--108},
  year={2010}
}

@article{mimno2011optimizing,
  title={Optimizing semantic coherence in topic models},
  author={Mimno, David and Wallach, Hanna M and Talley, Edmund and Leenders, Miriam and McCallum, Andrew},
  journal={Proceedings of the conference on empirical methods in natural language processing},
  pages={262--272},
  year={2011}
}

@article{rousseeuw1987silhouettes,
  title={Silhouettes: a graphical aid to the interpretation and validation of cluster analysis},
  author={Rousseeuw, Peter J},
  journal={Journal of computational and applied mathematics},
  volume={20},
  pages={53--65},
  year={1987}
}

@article{egger2022evaluating,
  title={Evaluating topic models: A comprehensive review and guidelines for best practices},
  author={Egger, Roman and Yu, Joanne},
  journal={Journal of Business Research},
  volume={143},
  pages={156--178},
  year={2022}
}

@article{meaney2023comparative,
  title={A comparative study of topic modeling evaluation metrics and their application to neural topic models},
  author={Meaney, Christopher and Sikandar, Taha and Nielson, Jeffrey L and Meszaros, Viktoria A},
  journal={Information Processing \& Management},
  volume={60},
  number={3},
  pages={103285},
  year={2023}
}

@inproceedings{rudiger2022human,
  title={Human evaluation of topic models: A systematic review and guidelines},
  author={R{\"u}diger, Saskia and Davoodi, Elnaz and Kismih{\'o}k, G{\'a}bor},
  booktitle={Proceedings of the 2022 Conference on Empirical Methods in Natural Language Processing},
  pages={2563--2583},
  year={2022}
}

@article{lau2014machine,
  title={Machine reading tea leaves: Automatically evaluating topic coherence and topic model quality},
  author={Lau, Jey Han and Newman, David and Baldwin, Timothy},
  journal={Proceedings of the 14th Conference of the European Chapter of the Association for Computational Linguistics},
  pages={530--539},
  year={2014}
}

@article{wallach2009evaluation,
  title={Evaluation methods for topic models},
  author={Wallach, Hanna M and Murray, Iain and Salakhutdinov, Ruslan and Mimno, David},
  journal={Proceedings of the 26th annual international conference on machine learning},
  pages={1105--1112},
  year={2009}
}

@article{chang2009reading,
  title={Reading tea leaves: How humans interpret topic models},
  author={Chang, Jonathan and Gerrish, Sean and Wang, Chong and Boyd-Graber, Jordan L and Blei, David M},
  journal={Advances in neural information processing systems},
  volume={22},
  pages={288--296},
  year={2009}
}

@article{stevens2012exploring,
  title={Exploring topic coherence over many models and many topics},
  author={Stevens, Keith and Kegelmeyer, Philip and Andrzejewski, David and Buttler, David},
  journal={Proceedings of the 2012 joint conference on empirical methods in natural language processing and computational natural language learning},
  pages={952--961},
  year={2012}
}

@article{hoyle2021automated,
  title={Automated evaluation of topic model coherence with learned topic representations},
  author={Hoyle, Alexander Miserlis and Goel, Pranav and Peskov, Denis and Hian-Cheong, Andrew and Boyd-Graber, Jordan and Resnik, Philip},
  journal={Proceedings of the 2021 Conference of the North American Chapter of the Association for Computational Linguistics: Human Language Technologies},
  pages={3522--3534},
  year={2021}
} 